@article{devaney2006unveiling,
  title={Unveiling the Mandelbrot set},
  author={Devaney, Robert},
  journal={Plus [Online]},
  year={2006}
}
@incollection{douady1986julia,
  title={Julia sets and the Mandelbrot set},
  author={Douady, Adrien},
  booktitle={The beauty of fractals},
  pages={161--174},
  year={1986},
  publisher={Springer}
}
@article{weisstein2002mandelbrot,
  title={Mandelbrot Set},
  author={Weisstein,Eric W},
  journal={https://mathworld. wolfram. com/},
  year={2002},
  publisher={Wolfram Research,Inc.}
}